0                 01NAB       AJAX CRACKERS             013095DE Returns  080520                                        
2756-2341234567894130000005000Souvik                          LPT-000000363     123-456123456789AJAX CRACKERS   00000000
2756-2341234567895130000050000Souvik                          LPT-000000096     123-456123456789AJAX CRACKERS   00000000
2756-2341234567891130006385554Souvik                          LPT-000000097     123-456123456789AJAX CRACKERS   00000000
2756-2341234567892130004530992Souvik                          LPT-000000004     123-456123456789AJAX CRACKERS   00000000
2756-2341234567893130000500000Souvik                          LPT-000000005     123-456123456789AJAX CRACKERS   00000000
2756-2341234567896130000500000Souvik                          LPT-000000006     123-456123456789AJAX CRACKERS   00000000
7999-999            000000000000114715460011471546                        000009